%YAML 1.1
%TAG !u! tag:unity3d.com,2011:
--- !u!1 &471414235033814420
GameObject:
  m_ObjectHideFlags: 0
  m_CorrespondingSourceObject: {fileID: 0}
  m_PrefabInstance: {fileID: 0}
  m_PrefabAsset: {fileID: 0}
  serializedVersion: 6
  m_Component:
  - component: {fileID: 1505946981945449802}
  - component: {fileID: 9100119915562778056}
  - component: {fileID: 3487046436177119059}
  m_Layer: 0
  m_Name: Enemies
  m_TagString: Enemy
  m_Icon: {fileID: 0}
  m_NavMeshLayer: 0
  m_StaticEditorFlags: 0
  m_IsActive: 1
--- !u!4 &1505946981945449802
Transform:
  m_ObjectHideFlags: 0
  m_CorrespondingSourceObject: {fileID: 0}
  m_PrefabInstance: {fileID: 0}
  m_PrefabAsset: {fileID: 0}
  m_GameObject: {fileID: 471414235033814420}
  m_LocalRotation: {x: 0, y: 0, z: 0, w: 1}
  m_LocalPosition: {x: 0, y: 0, z: 0}
  m_LocalScale: {x: 1, y: 1, z: 1}
  m_Children:
  - {fileID: 4679287676142341409}
  - {fileID: 6727878278372161983}
  - {fileID: 1425448365358497266}
  - {fileID: 7225144178888802100}
  - {fileID: 5913710256794310382}
  - {fileID: 6631214110212989614}
  - {fileID: 8383749084316913138}
  - {fileID: 3041780678583490148}
  - {fileID: 394258460409674232}
  - {fileID: 2716089428857401290}
  - {fileID: 2133021267799322145}
  - {fileID: 3720958878657335152}
  - {fileID: 6857881727561213481}
  - {fileID: 4409476422770288955}
  - {fileID: 2870664429690811896}
  - {fileID: 8653959496323151509}
  - {fileID: 1464313904599315752}
  - {fileID: 8315487194893037503}
  m_Father: {fileID: 0}
  m_RootOrder: 0
  m_LocalEulerAnglesHint: {x: 0, y: 0, z: 0}
--- !u!114 &9100119915562778056
MonoBehaviour:
  m_ObjectHideFlags: 0
  m_CorrespondingSourceObject: {fileID: 0}
  m_PrefabInstance: {fileID: 0}
  m_PrefabAsset: {fileID: 0}
  m_GameObject: {fileID: 471414235033814420}
  m_Enabled: 1
  m_EditorHideFlags: 0
  m_Script: {fileID: 11500000, guid: 24ac9c2a89ad4fd45a9a82353086be9c, type: 3}
  m_Name: 
  m_EditorClassIdentifier: 
  enemies: {fileID: 3487046436177119059}
--- !u!54 &3487046436177119059
Rigidbody:
  m_ObjectHideFlags: 0
  m_CorrespondingSourceObject: {fileID: 0}
  m_PrefabInstance: {fileID: 0}
  m_PrefabAsset: {fileID: 0}
  m_GameObject: {fileID: 471414235033814420}
  serializedVersion: 2
  m_Mass: 1
  m_Drag: 0
  m_AngularDrag: 0
  m_UseGravity: 0
  m_IsKinematic: 0
  m_Interpolate: 0
  m_Constraints: 0
  m_CollisionDetection: 0
--- !u!1001 &33842473551484529
PrefabInstance:
  m_ObjectHideFlags: 0
  serializedVersion: 2
  m_Modification:
    m_TransformParent: {fileID: 1505946981945449802}
    m_Modifications:
    - target: {fileID: 7222900606728317252, guid: b30cdff96dab5444fb0d6c719fafeee3,
        type: 3}
      propertyPath: m_Name
      value: Enemy (4)
      objectReference: {fileID: 0}
    - target: {fileID: 7222900606728317253, guid: b30cdff96dab5444fb0d6c719fafeee3,
        type: 3}
      propertyPath: m_LocalPosition.x
      value: -1.5
      objectReference: {fileID: 0}
    - target: {fileID: 7222900606728317253, guid: b30cdff96dab5444fb0d6c719fafeee3,
        type: 3}
      propertyPath: m_LocalPosition.y
      value: 0
      objectReference: {fileID: 0}
    - target: {fileID: 7222900606728317253, guid: b30cdff96dab5444fb0d6c719fafeee3,
        type: 3}
      propertyPath: m_LocalPosition.z
      value: 0
      objectReference: {fileID: 0}
    - target: {fileID: 7222900606728317253, guid: b30cdff96dab5444fb0d6c719fafeee3,
        type: 3}
      propertyPath: m_LocalRotation.x
      value: -0
      objectReference: {fileID: 0}
    - target: {fileID: 7222900606728317253, guid: b30cdff96dab5444fb0d6c719fafeee3,
        type: 3}
      propertyPath: m_LocalRotation.y
      value: -0
      objectReference: {fileID: 0}
    - target: {fileID: 7222900606728317253, guid: b30cdff96dab5444fb0d6c719fafeee3,
        type: 3}
      propertyPath: m_LocalRotation.z
      value: -0
      objectReference: {fileID: 0}
    - target: {fileID: 7222900606728317253, guid: b30cdff96dab5444fb0d6c719fafeee3,
        type: 3}
      propertyPath: m_LocalRotation.w
      value: 1
      objectReference: {fileID: 0}
    - target: {fileID: 7222900606728317253, guid: b30cdff96dab5444fb0d6c719fafeee3,
        type: 3}
      propertyPath: m_RootOrder
      value: 3
      objectReference: {fileID: 0}
    - target: {fileID: 7222900606728317253, guid: b30cdff96dab5444fb0d6c719fafeee3,
        type: 3}
      propertyPath: m_LocalEulerAnglesHint.x
      value: 0
      objectReference: {fileID: 0}
    - target: {fileID: 7222900606728317253, guid: b30cdff96dab5444fb0d6c719fafeee3,
        type: 3}
      propertyPath: m_LocalEulerAnglesHint.y
      value: 0
      objectReference: {fileID: 0}
    - target: {fileID: 7222900606728317253, guid: b30cdff96dab5444fb0d6c719fafeee3,
        type: 3}
      propertyPath: m_LocalEulerAnglesHint.z
      value: 0
      objectReference: {fileID: 0}
    m_RemovedComponents: []
  m_SourcePrefab: {fileID: 100100000, guid: b30cdff96dab5444fb0d6c719fafeee3, type: 3}
--- !u!4 &7225144178888802100 stripped
Transform:
  m_CorrespondingSourceObject: {fileID: 7222900606728317253, guid: b30cdff96dab5444fb0d6c719fafeee3,
    type: 3}
  m_PrefabInstance: {fileID: 33842473551484529}
  m_PrefabAsset: {fileID: 0}
--- !u!1001 &1181608359024518327
PrefabInstance:
  m_ObjectHideFlags: 0
  serializedVersion: 2
  m_Modification:
    m_TransformParent: {fileID: 1505946981945449802}
    m_Modifications:
    - target: {fileID: 7222900606728317252, guid: b30cdff96dab5444fb0d6c719fafeee3,
        type: 3}
      propertyPath: m_Name
      value: Enemy (7)
      objectReference: {fileID: 0}
    - target: {fileID: 7222900606728317253, guid: b30cdff96dab5444fb0d6c719fafeee3,
        type: 3}
      propertyPath: m_LocalPosition.x
      value: 3
      objectReference: {fileID: 0}
    - target: {fileID: 7222900606728317253, guid: b30cdff96dab5444fb0d6c719fafeee3,
        type: 3}
      propertyPath: m_LocalPosition.y
      value: 0
      objectReference: {fileID: 0}
    - target: {fileID: 7222900606728317253, guid: b30cdff96dab5444fb0d6c719fafeee3,
        type: 3}
      propertyPath: m_LocalPosition.z
      value: 0
      objectReference: {fileID: 0}
    - target: {fileID: 7222900606728317253, guid: b30cdff96dab5444fb0d6c719fafeee3,
        type: 3}
      propertyPath: m_LocalRotation.x
      value: -0
      objectReference: {fileID: 0}
    - target: {fileID: 7222900606728317253, guid: b30cdff96dab5444fb0d6c719fafeee3,
        type: 3}
      propertyPath: m_LocalRotation.y
      value: -0
      objectReference: {fileID: 0}
    - target: {fileID: 7222900606728317253, guid: b30cdff96dab5444fb0d6c719fafeee3,
        type: 3}
      propertyPath: m_LocalRotation.z
      value: -0
      objectReference: {fileID: 0}
    - target: {fileID: 7222900606728317253, guid: b30cdff96dab5444fb0d6c719fafeee3,
        type: 3}
      propertyPath: m_LocalRotation.w
      value: 1
      objectReference: {fileID: 0}
    - target: {fileID: 7222900606728317253, guid: b30cdff96dab5444fb0d6c719fafeee3,
        type: 3}
      propertyPath: m_RootOrder
      value: 6
      objectReference: {fileID: 0}
    - target: {fileID: 7222900606728317253, guid: b30cdff96dab5444fb0d6c719fafeee3,
        type: 3}
      propertyPath: m_LocalEulerAnglesHint.x
      value: 0
      objectReference: {fileID: 0}
    - target: {fileID: 7222900606728317253, guid: b30cdff96dab5444fb0d6c719fafeee3,
        type: 3}
      propertyPath: m_LocalEulerAnglesHint.y
      value: 0
      objectReference: {fileID: 0}
    - target: {fileID: 7222900606728317253, guid: b30cdff96dab5444fb0d6c719fafeee3,
        type: 3}
      propertyPath: m_LocalEulerAnglesHint.z
      value: 0
      objectReference: {fileID: 0}
    m_RemovedComponents: []
  m_SourcePrefab: {fileID: 100100000, guid: b30cdff96dab5444fb0d6c719fafeee3, type: 3}
--- !u!4 &8383749084316913138 stripped
Transform:
  m_CorrespondingSourceObject: {fileID: 7222900606728317253, guid: b30cdff96dab5444fb0d6c719fafeee3,
    type: 3}
  m_PrefabInstance: {fileID: 1181608359024518327}
  m_PrefabAsset: {fileID: 0}
--- !u!1001 &1682778763702961914
PrefabInstance:
  m_ObjectHideFlags: 0
  serializedVersion: 2
  m_Modification:
    m_TransformParent: {fileID: 1505946981945449802}
    m_Modifications:
    - target: {fileID: 7222900606728317252, guid: b30cdff96dab5444fb0d6c719fafeee3,
        type: 3}
      propertyPath: m_Name
      value: Enemy (18)
      objectReference: {fileID: 0}
    - target: {fileID: 7222900606728317253, guid: b30cdff96dab5444fb0d6c719fafeee3,
        type: 3}
      propertyPath: m_LocalPosition.x
      value: 6
      objectReference: {fileID: 0}
    - target: {fileID: 7222900606728317253, guid: b30cdff96dab5444fb0d6c719fafeee3,
        type: 3}
      propertyPath: m_LocalPosition.y
      value: -1.5
      objectReference: {fileID: 0}
    - target: {fileID: 7222900606728317253, guid: b30cdff96dab5444fb0d6c719fafeee3,
        type: 3}
      propertyPath: m_LocalPosition.z
      value: 0
      objectReference: {fileID: 0}
    - target: {fileID: 7222900606728317253, guid: b30cdff96dab5444fb0d6c719fafeee3,
        type: 3}
      propertyPath: m_LocalRotation.x
      value: -0
      objectReference: {fileID: 0}
    - target: {fileID: 7222900606728317253, guid: b30cdff96dab5444fb0d6c719fafeee3,
        type: 3}
      propertyPath: m_LocalRotation.y
      value: -0
      objectReference: {fileID: 0}
    - target: {fileID: 7222900606728317253, guid: b30cdff96dab5444fb0d6c719fafeee3,
        type: 3}
      propertyPath: m_LocalRotation.z
      value: -0
      objectReference: {fileID: 0}
    - target: {fileID: 7222900606728317253, guid: b30cdff96dab5444fb0d6c719fafeee3,
        type: 3}
      propertyPath: m_LocalRotation.w
      value: 1
      objectReference: {fileID: 0}
    - target: {fileID: 7222900606728317253, guid: b30cdff96dab5444fb0d6c719fafeee3,
        type: 3}
      propertyPath: m_RootOrder
      value: 17
      objectReference: {fileID: 0}
    - target: {fileID: 7222900606728317253, guid: b30cdff96dab5444fb0d6c719fafeee3,
        type: 3}
      propertyPath: m_LocalEulerAnglesHint.x
      value: 0
      objectReference: {fileID: 0}
    - target: {fileID: 7222900606728317253, guid: b30cdff96dab5444fb0d6c719fafeee3,
        type: 3}
      propertyPath: m_LocalEulerAnglesHint.y
      value: 0
      objectReference: {fileID: 0}
    - target: {fileID: 7222900606728317253, guid: b30cdff96dab5444fb0d6c719fafeee3,
        type: 3}
      propertyPath: m_LocalEulerAnglesHint.z
      value: 0
      objectReference: {fileID: 0}
    m_RemovedComponents: []
  m_SourcePrefab: {fileID: 100100000, guid: b30cdff96dab5444fb0d6c719fafeee3, type: 3}
--- !u!4 &8315487194893037503 stripped
Transform:
  m_CorrespondingSourceObject: {fileID: 7222900606728317253, guid: b30cdff96dab5444fb0d6c719fafeee3,
    type: 3}
  m_PrefabInstance: {fileID: 1682778763702961914}
  m_PrefabAsset: {fileID: 0}
--- !u!1001 &2028290655679881168
PrefabInstance:
  m_ObjectHideFlags: 0
  serializedVersion: 2
  m_Modification:
    m_TransformParent: {fileID: 1505946981945449802}
    m_Modifications:
    - target: {fileID: 7222900606728317252, guid: b30cdff96dab5444fb0d6c719fafeee3,
        type: 3}
      propertyPath: m_Name
      value: Enemy (16)
      objectReference: {fileID: 0}
    - target: {fileID: 7222900606728317253, guid: b30cdff96dab5444fb0d6c719fafeee3,
        type: 3}
      propertyPath: m_LocalPosition.x
      value: 3
      objectReference: {fileID: 0}
    - target: {fileID: 7222900606728317253, guid: b30cdff96dab5444fb0d6c719fafeee3,
        type: 3}
      propertyPath: m_LocalPosition.y
      value: -1.5
      objectReference: {fileID: 0}
    - target: {fileID: 7222900606728317253, guid: b30cdff96dab5444fb0d6c719fafeee3,
        type: 3}
      propertyPath: m_LocalPosition.z
      value: 0
      objectReference: {fileID: 0}
    - target: {fileID: 7222900606728317253, guid: b30cdff96dab5444fb0d6c719fafeee3,
        type: 3}
      propertyPath: m_LocalRotation.x
      value: -0
      objectReference: {fileID: 0}
    - target: {fileID: 7222900606728317253, guid: b30cdff96dab5444fb0d6c719fafeee3,
        type: 3}
      propertyPath: m_LocalRotation.y
      value: -0
      objectReference: {fileID: 0}
    - target: {fileID: 7222900606728317253, guid: b30cdff96dab5444fb0d6c719fafeee3,
        type: 3}
      propertyPath: m_LocalRotation.z
      value: -0
      objectReference: {fileID: 0}
    - target: {fileID: 7222900606728317253, guid: b30cdff96dab5444fb0d6c719fafeee3,
        type: 3}
      propertyPath: m_LocalRotation.w
      value: 1
      objectReference: {fileID: 0}
    - target: {fileID: 7222900606728317253, guid: b30cdff96dab5444fb0d6c719fafeee3,
        type: 3}
      propertyPath: m_RootOrder
      value: 15
      objectReference: {fileID: 0}
    - target: {fileID: 7222900606728317253, guid: b30cdff96dab5444fb0d6c719fafeee3,
        type: 3}
      propertyPath: m_LocalEulerAnglesHint.x
      value: 0
      objectReference: {fileID: 0}
    - target: {fileID: 7222900606728317253, guid: b30cdff96dab5444fb0d6c719fafeee3,
        type: 3}
      propertyPath: m_LocalEulerAnglesHint.y
      value: 0
      objectReference: {fileID: 0}
    - target: {fileID: 7222900606728317253, guid: b30cdff96dab5444fb0d6c719fafeee3,
        type: 3}
      propertyPath: m_LocalEulerAnglesHint.z
      value: 0
      objectReference: {fileID: 0}
    m_RemovedComponents: []
  m_SourcePrefab: {fileID: 100100000, guid: b30cdff96dab5444fb0d6c719fafeee3, type: 3}
--- !u!4 &8653959496323151509 stripped
Transform:
  m_CorrespondingSourceObject: {fileID: 7222900606728317253, guid: b30cdff96dab5444fb0d6c719fafeee3,
    type: 3}
  m_PrefabInstance: {fileID: 2028290655679881168}
  m_PrefabAsset: {fileID: 0}
--- !u!1001 &2651721382205678692
PrefabInstance:
  m_ObjectHideFlags: 0
  serializedVersion: 2
  m_Modification:
    m_TransformParent: {fileID: 1505946981945449802}
    m_Modifications:
    - target: {fileID: 7222900606728317252, guid: b30cdff96dab5444fb0d6c719fafeee3,
        type: 3}
      propertyPath: m_Name
      value: Enemy (1)
      objectReference: {fileID: 0}
    - target: {fileID: 7222900606728317253, guid: b30cdff96dab5444fb0d6c719fafeee3,
        type: 3}
      propertyPath: m_LocalPosition.x
      value: -6
      objectReference: {fileID: 0}
    - target: {fileID: 7222900606728317253, guid: b30cdff96dab5444fb0d6c719fafeee3,
        type: 3}
      propertyPath: m_LocalPosition.y
      value: 0
      objectReference: {fileID: 0}
    - target: {fileID: 7222900606728317253, guid: b30cdff96dab5444fb0d6c719fafeee3,
        type: 3}
      propertyPath: m_LocalPosition.z
      value: 0
      objectReference: {fileID: 0}
    - target: {fileID: 7222900606728317253, guid: b30cdff96dab5444fb0d6c719fafeee3,
        type: 3}
      propertyPath: m_LocalRotation.x
      value: -0
      objectReference: {fileID: 0}
    - target: {fileID: 7222900606728317253, guid: b30cdff96dab5444fb0d6c719fafeee3,
        type: 3}
      propertyPath: m_LocalRotation.y
      value: -0
      objectReference: {fileID: 0}
    - target: {fileID: 7222900606728317253, guid: b30cdff96dab5444fb0d6c719fafeee3,
        type: 3}
      propertyPath: m_LocalRotation.z
      value: -0
      objectReference: {fileID: 0}
    - target: {fileID: 7222900606728317253, guid: b30cdff96dab5444fb0d6c719fafeee3,
        type: 3}
      propertyPath: m_LocalRotation.w
      value: 1
      objectReference: {fileID: 0}
    - target: {fileID: 7222900606728317253, guid: b30cdff96dab5444fb0d6c719fafeee3,
        type: 3}
      propertyPath: m_RootOrder
      value: 0
      objectReference: {fileID: 0}
    - target: {fileID: 7222900606728317253, guid: b30cdff96dab5444fb0d6c719fafeee3,
        type: 3}
      propertyPath: m_LocalEulerAnglesHint.x
      value: 0
      objectReference: {fileID: 0}
    - target: {fileID: 7222900606728317253, guid: b30cdff96dab5444fb0d6c719fafeee3,
        type: 3}
      propertyPath: m_LocalEulerAnglesHint.y
      value: 0
      objectReference: {fileID: 0}
    - target: {fileID: 7222900606728317253, guid: b30cdff96dab5444fb0d6c719fafeee3,
        type: 3}
      propertyPath: m_LocalEulerAnglesHint.z
      value: 0
      objectReference: {fileID: 0}
    m_RemovedComponents: []
  m_SourcePrefab: {fileID: 100100000, guid: b30cdff96dab5444fb0d6c719fafeee3, type: 3}
--- !u!4 &4679287676142341409 stripped
Transform:
  m_CorrespondingSourceObject: {fileID: 7222900606728317253, guid: b30cdff96dab5444fb0d6c719fafeee3,
    type: 3}
  m_PrefabInstance: {fileID: 2651721382205678692}
  m_PrefabAsset: {fileID: 0}
--- !u!1001 &3903879738299629483
PrefabInstance:
  m_ObjectHideFlags: 0
  serializedVersion: 2
  m_Modification:
    m_TransformParent: {fileID: 1505946981945449802}
    m_Modifications:
    - target: {fileID: 7222900606728317252, guid: b30cdff96dab5444fb0d6c719fafeee3,
        type: 3}
      propertyPath: m_Name
      value: Enemy (5)
      objectReference: {fileID: 0}
    - target: {fileID: 7222900606728317253, guid: b30cdff96dab5444fb0d6c719fafeee3,
        type: 3}
      propertyPath: m_LocalPosition.x
      value: 0
      objectReference: {fileID: 0}
    - target: {fileID: 7222900606728317253, guid: b30cdff96dab5444fb0d6c719fafeee3,
        type: 3}
      propertyPath: m_LocalPosition.y
      value: 0
      objectReference: {fileID: 0}
    - target: {fileID: 7222900606728317253, guid: b30cdff96dab5444fb0d6c719fafeee3,
        type: 3}
      propertyPath: m_LocalPosition.z
      value: 0
      objectReference: {fileID: 0}
    - target: {fileID: 7222900606728317253, guid: b30cdff96dab5444fb0d6c719fafeee3,
        type: 3}
      propertyPath: m_LocalRotation.x
      value: -0
      objectReference: {fileID: 0}
    - target: {fileID: 7222900606728317253, guid: b30cdff96dab5444fb0d6c719fafeee3,
        type: 3}
      propertyPath: m_LocalRotation.y
      value: -0
      objectReference: {fileID: 0}
    - target: {fileID: 7222900606728317253, guid: b30cdff96dab5444fb0d6c719fafeee3,
        type: 3}
      propertyPath: m_LocalRotation.z
      value: -0
      objectReference: {fileID: 0}
    - target: {fileID: 7222900606728317253, guid: b30cdff96dab5444fb0d6c719fafeee3,
        type: 3}
      propertyPath: m_LocalRotation.w
      value: 1
      objectReference: {fileID: 0}
    - target: {fileID: 7222900606728317253, guid: b30cdff96dab5444fb0d6c719fafeee3,
        type: 3}
      propertyPath: m_RootOrder
      value: 4
      objectReference: {fileID: 0}
    - target: {fileID: 7222900606728317253, guid: b30cdff96dab5444fb0d6c719fafeee3,
        type: 3}
      propertyPath: m_LocalEulerAnglesHint.x
      value: 0
      objectReference: {fileID: 0}
    - target: {fileID: 7222900606728317253, guid: b30cdff96dab5444fb0d6c719fafeee3,
        type: 3}
      propertyPath: m_LocalEulerAnglesHint.y
      value: 0
      objectReference: {fileID: 0}
    - target: {fileID: 7222900606728317253, guid: b30cdff96dab5444fb0d6c719fafeee3,
        type: 3}
      propertyPath: m_LocalEulerAnglesHint.z
      value: 0
      objectReference: {fileID: 0}
    m_RemovedComponents: []
  m_SourcePrefab: {fileID: 100100000, guid: b30cdff96dab5444fb0d6c719fafeee3, type: 3}
--- !u!4 &5913710256794310382 stripped
Transform:
  m_CorrespondingSourceObject: {fileID: 7222900606728317253, guid: b30cdff96dab5444fb0d6c719fafeee3,
    type: 3}
  m_PrefabInstance: {fileID: 3903879738299629483}
  m_PrefabAsset: {fileID: 0}
--- !u!1001 &4051598970805488619
PrefabInstance:
  m_ObjectHideFlags: 0
  serializedVersion: 2
  m_Modification:
    m_TransformParent: {fileID: 1505946981945449802}
    m_Modifications:
    - target: {fileID: 7222900606728317252, guid: b30cdff96dab5444fb0d6c719fafeee3,
        type: 3}
      propertyPath: m_Name
      value: Enemy (6)
      objectReference: {fileID: 0}
    - target: {fileID: 7222900606728317253, guid: b30cdff96dab5444fb0d6c719fafeee3,
        type: 3}
      propertyPath: m_LocalPosition.x
      value: 1.5
      objectReference: {fileID: 0}
    - target: {fileID: 7222900606728317253, guid: b30cdff96dab5444fb0d6c719fafeee3,
        type: 3}
      propertyPath: m_LocalPosition.y
      value: 0
      objectReference: {fileID: 0}
    - target: {fileID: 7222900606728317253, guid: b30cdff96dab5444fb0d6c719fafeee3,
        type: 3}
      propertyPath: m_LocalPosition.z
      value: 0
      objectReference: {fileID: 0}
    - target: {fileID: 7222900606728317253, guid: b30cdff96dab5444fb0d6c719fafeee3,
        type: 3}
      propertyPath: m_LocalRotation.x
      value: -0
      objectReference: {fileID: 0}
    - target: {fileID: 7222900606728317253, guid: b30cdff96dab5444fb0d6c719fafeee3,
        type: 3}
      propertyPath: m_LocalRotation.y
      value: -0
      objectReference: {fileID: 0}
    - target: {fileID: 7222900606728317253, guid: b30cdff96dab5444fb0d6c719fafeee3,
        type: 3}
      propertyPath: m_LocalRotation.z
      value: -0
      objectReference: {fileID: 0}
    - target: {fileID: 7222900606728317253, guid: b30cdff96dab5444fb0d6c719fafeee3,
        type: 3}
      propertyPath: m_LocalRotation.w
      value: 1
      objectReference: {fileID: 0}
    - target: {fileID: 7222900606728317253, guid: b30cdff96dab5444fb0d6c719fafeee3,
        type: 3}
      propertyPath: m_RootOrder
      value: 5
      objectReference: {fileID: 0}
    - target: {fileID: 7222900606728317253, guid: b30cdff96dab5444fb0d6c719fafeee3,
        type: 3}
      propertyPath: m_LocalEulerAnglesHint.x
      value: 0
      objectReference: {fileID: 0}
    - target: {fileID: 7222900606728317253, guid: b30cdff96dab5444fb0d6c719fafeee3,
        type: 3}
      propertyPath: m_LocalEulerAnglesHint.y
      value: 0
      objectReference: {fileID: 0}
    - target: {fileID: 7222900606728317253, guid: b30cdff96dab5444fb0d6c719fafeee3,
        type: 3}
      propertyPath: m_LocalEulerAnglesHint.z
      value: 0
      objectReference: {fileID: 0}
    m_RemovedComponents: []
  m_SourcePrefab: {fileID: 100100000, guid: b30cdff96dab5444fb0d6c719fafeee3, type: 3}
--- !u!4 &6631214110212989614 stripped
Transform:
  m_CorrespondingSourceObject: {fileID: 7222900606728317253, guid: b30cdff96dab5444fb0d6c719fafeee3,
    type: 3}
  m_PrefabInstance: {fileID: 4051598970805488619}
  m_PrefabAsset: {fileID: 0}
--- !u!1001 &4135109784520020218
PrefabInstance:
  m_ObjectHideFlags: 0
  serializedVersion: 2
  m_Modification:
    m_TransformParent: {fileID: 1505946981945449802}
    m_Modifications:
    - target: {fileID: 7222900606728317252, guid: b30cdff96dab5444fb0d6c719fafeee3,
        type: 3}
      propertyPath: m_Name
      value: Enemy (2)
      objectReference: {fileID: 0}
    - target: {fileID: 7222900606728317253, guid: b30cdff96dab5444fb0d6c719fafeee3,
        type: 3}
      propertyPath: m_LocalPosition.x
      value: -4.5
      objectReference: {fileID: 0}
    - target: {fileID: 7222900606728317253, guid: b30cdff96dab5444fb0d6c719fafeee3,
        type: 3}
      propertyPath: m_LocalPosition.y
      value: 0
      objectReference: {fileID: 0}
    - target: {fileID: 7222900606728317253, guid: b30cdff96dab5444fb0d6c719fafeee3,
        type: 3}
      propertyPath: m_LocalPosition.z
      value: 0
      objectReference: {fileID: 0}
    - target: {fileID: 7222900606728317253, guid: b30cdff96dab5444fb0d6c719fafeee3,
        type: 3}
      propertyPath: m_LocalRotation.x
      value: -0
      objectReference: {fileID: 0}
    - target: {fileID: 7222900606728317253, guid: b30cdff96dab5444fb0d6c719fafeee3,
        type: 3}
      propertyPath: m_LocalRotation.y
      value: -0
      objectReference: {fileID: 0}
    - target: {fileID: 7222900606728317253, guid: b30cdff96dab5444fb0d6c719fafeee3,
        type: 3}
      propertyPath: m_LocalRotation.z
      value: -0
      objectReference: {fileID: 0}
    - target: {fileID: 7222900606728317253, guid: b30cdff96dab5444fb0d6c719fafeee3,
        type: 3}
      propertyPath: m_LocalRotation.w
      value: 1
      objectReference: {fileID: 0}
    - target: {fileID: 7222900606728317253, guid: b30cdff96dab5444fb0d6c719fafeee3,
        type: 3}
      propertyPath: m_RootOrder
      value: 1
      objectReference: {fileID: 0}
    - target: {fileID: 7222900606728317253, guid: b30cdff96dab5444fb0d6c719fafeee3,
        type: 3}
      propertyPath: m_LocalEulerAnglesHint.x
      value: 0
      objectReference: {fileID: 0}
    - target: {fileID: 7222900606728317253, guid: b30cdff96dab5444fb0d6c719fafeee3,
        type: 3}
      propertyPath: m_LocalEulerAnglesHint.y
      value: 0
      objectReference: {fileID: 0}
    - target: {fileID: 7222900606728317253, guid: b30cdff96dab5444fb0d6c719fafeee3,
        type: 3}
      propertyPath: m_LocalEulerAnglesHint.z
      value: 0
      objectReference: {fileID: 0}
    m_RemovedComponents: []
  m_SourcePrefab: {fileID: 100100000, guid: b30cdff96dab5444fb0d6c719fafeee3, type: 3}
--- !u!4 &6727878278372161983 stripped
Transform:
  m_CorrespondingSourceObject: {fileID: 7222900606728317253, guid: b30cdff96dab5444fb0d6c719fafeee3,
    type: 3}
  m_PrefabInstance: {fileID: 4135109784520020218}
  m_PrefabAsset: {fileID: 0}
--- !u!1001 &4256168614259003244
PrefabInstance:
  m_ObjectHideFlags: 0
  serializedVersion: 2
  m_Modification:
    m_TransformParent: {fileID: 1505946981945449802}
    m_Modifications:
    - target: {fileID: 7222900606728317252, guid: b30cdff96dab5444fb0d6c719fafeee3,
        type: 3}
      propertyPath: m_Name
      value: Enemy (13)
      objectReference: {fileID: 0}
    - target: {fileID: 7222900606728317253, guid: b30cdff96dab5444fb0d6c719fafeee3,
        type: 3}
      propertyPath: m_LocalPosition.x
      value: -1.5
      objectReference: {fileID: 0}
    - target: {fileID: 7222900606728317253, guid: b30cdff96dab5444fb0d6c719fafeee3,
        type: 3}
      propertyPath: m_LocalPosition.y
      value: -1.5
      objectReference: {fileID: 0}
    - target: {fileID: 7222900606728317253, guid: b30cdff96dab5444fb0d6c719fafeee3,
        type: 3}
      propertyPath: m_LocalPosition.z
      value: 0
      objectReference: {fileID: 0}
    - target: {fileID: 7222900606728317253, guid: b30cdff96dab5444fb0d6c719fafeee3,
        type: 3}
      propertyPath: m_LocalRotation.x
      value: -0
      objectReference: {fileID: 0}
    - target: {fileID: 7222900606728317253, guid: b30cdff96dab5444fb0d6c719fafeee3,
        type: 3}
      propertyPath: m_LocalRotation.y
      value: -0
      objectReference: {fileID: 0}
    - target: {fileID: 7222900606728317253, guid: b30cdff96dab5444fb0d6c719fafeee3,
        type: 3}
      propertyPath: m_LocalRotation.z
      value: -0
      objectReference: {fileID: 0}
    - target: {fileID: 7222900606728317253, guid: b30cdff96dab5444fb0d6c719fafeee3,
        type: 3}
      propertyPath: m_LocalRotation.w
      value: 1
      objectReference: {fileID: 0}
    - target: {fileID: 7222900606728317253, guid: b30cdff96dab5444fb0d6c719fafeee3,
        type: 3}
      propertyPath: m_RootOrder
      value: 12
      objectReference: {fileID: 0}
    - target: {fileID: 7222900606728317253, guid: b30cdff96dab5444fb0d6c719fafeee3,
        type: 3}
      propertyPath: m_LocalEulerAnglesHint.x
      value: 0
      objectReference: {fileID: 0}
    - target: {fileID: 7222900606728317253, guid: b30cdff96dab5444fb0d6c719fafeee3,
        type: 3}
      propertyPath: m_LocalEulerAnglesHint.y
      value: 0
      objectReference: {fileID: 0}
    - target: {fileID: 7222900606728317253, guid: b30cdff96dab5444fb0d6c719fafeee3,
        type: 3}
      propertyPath: m_LocalEulerAnglesHint.z
      value: 0
      objectReference: {fileID: 0}
    m_RemovedComponents: []
  m_SourcePrefab: {fileID: 100100000, guid: b30cdff96dab5444fb0d6c719fafeee3, type: 3}
--- !u!4 &6857881727561213481 stripped
Transform:
  m_CorrespondingSourceObject: {fileID: 7222900606728317253, guid: b30cdff96dab5444fb0d6c719fafeee3,
    type: 3}
  m_PrefabInstance: {fileID: 4256168614259003244}
  m_PrefabAsset: {fileID: 0}
--- !u!1001 &4723599967279875727
PrefabInstance:
  m_ObjectHideFlags: 0
  serializedVersion: 2
  m_Modification:
    m_TransformParent: {fileID: 1505946981945449802}
    m_Modifications:
    - target: {fileID: 7222900606728317252, guid: b30cdff96dab5444fb0d6c719fafeee3,
        type: 3}
      propertyPath: m_Name
      value: Enemy (10)
      objectReference: {fileID: 0}
    - target: {fileID: 7222900606728317253, guid: b30cdff96dab5444fb0d6c719fafeee3,
        type: 3}
      propertyPath: m_LocalPosition.x
      value: -6
      objectReference: {fileID: 0}
    - target: {fileID: 7222900606728317253, guid: b30cdff96dab5444fb0d6c719fafeee3,
        type: 3}
      propertyPath: m_LocalPosition.y
      value: -1.5
      objectReference: {fileID: 0}
    - target: {fileID: 7222900606728317253, guid: b30cdff96dab5444fb0d6c719fafeee3,
        type: 3}
      propertyPath: m_LocalPosition.z
      value: 0
      objectReference: {fileID: 0}
    - target: {fileID: 7222900606728317253, guid: b30cdff96dab5444fb0d6c719fafeee3,
        type: 3}
      propertyPath: m_LocalRotation.x
      value: -0
      objectReference: {fileID: 0}
    - target: {fileID: 7222900606728317253, guid: b30cdff96dab5444fb0d6c719fafeee3,
        type: 3}
      propertyPath: m_LocalRotation.y
      value: -0
      objectReference: {fileID: 0}
    - target: {fileID: 7222900606728317253, guid: b30cdff96dab5444fb0d6c719fafeee3,
        type: 3}
      propertyPath: m_LocalRotation.z
      value: -0
      objectReference: {fileID: 0}
    - target: {fileID: 7222900606728317253, guid: b30cdff96dab5444fb0d6c719fafeee3,
        type: 3}
      propertyPath: m_LocalRotation.w
      value: 1
      objectReference: {fileID: 0}
    - target: {fileID: 7222900606728317253, guid: b30cdff96dab5444fb0d6c719fafeee3,
        type: 3}
      propertyPath: m_RootOrder
      value: 9
      objectReference: {fileID: 0}
    - target: {fileID: 7222900606728317253, guid: b30cdff96dab5444fb0d6c719fafeee3,
        type: 3}
      propertyPath: m_LocalEulerAnglesHint.x
      value: 0
      objectReference: {fileID: 0}
    - target: {fileID: 7222900606728317253, guid: b30cdff96dab5444fb0d6c719fafeee3,
        type: 3}
      propertyPath: m_LocalEulerAnglesHint.y
      value: 0
      objectReference: {fileID: 0}
    - target: {fileID: 7222900606728317253, guid: b30cdff96dab5444fb0d6c719fafeee3,
        type: 3}
      propertyPath: m_LocalEulerAnglesHint.z
      value: 0
      objectReference: {fileID: 0}
    m_RemovedComponents: []
  m_SourcePrefab: {fileID: 100100000, guid: b30cdff96dab5444fb0d6c719fafeee3, type: 3}
--- !u!4 &2716089428857401290 stripped
Transform:
  m_CorrespondingSourceObject: {fileID: 7222900606728317253, guid: b30cdff96dab5444fb0d6c719fafeee3,
    type: 3}
  m_PrefabInstance: {fileID: 4723599967279875727}
  m_PrefabAsset: {fileID: 0}
--- !u!1001 &4893798452824071357
PrefabInstance:
  m_ObjectHideFlags: 0
  serializedVersion: 2
  m_Modification:
    m_TransformParent: {fileID: 1505946981945449802}
    m_Modifications:
    - target: {fileID: 7222900606728317252, guid: b30cdff96dab5444fb0d6c719fafeee3,
        type: 3}
      propertyPath: m_Name
      value: Enemy (15)
      objectReference: {fileID: 0}
    - target: {fileID: 7222900606728317253, guid: b30cdff96dab5444fb0d6c719fafeee3,
        type: 3}
      propertyPath: m_LocalPosition.x
      value: 1.5
      objectReference: {fileID: 0}
    - target: {fileID: 7222900606728317253, guid: b30cdff96dab5444fb0d6c719fafeee3,
        type: 3}
      propertyPath: m_LocalPosition.y
      value: -1.5
      objectReference: {fileID: 0}
    - target: {fileID: 7222900606728317253, guid: b30cdff96dab5444fb0d6c719fafeee3,
        type: 3}
      propertyPath: m_LocalPosition.z
      value: 0
      objectReference: {fileID: 0}
    - target: {fileID: 7222900606728317253, guid: b30cdff96dab5444fb0d6c719fafeee3,
        type: 3}
      propertyPath: m_LocalRotation.x
      value: -0
      objectReference: {fileID: 0}
    - target: {fileID: 7222900606728317253, guid: b30cdff96dab5444fb0d6c719fafeee3,
        type: 3}
      propertyPath: m_LocalRotation.y
      value: -0
      objectReference: {fileID: 0}
    - target: {fileID: 7222900606728317253, guid: b30cdff96dab5444fb0d6c719fafeee3,
        type: 3}
      propertyPath: m_LocalRotation.z
      value: -0
      objectReference: {fileID: 0}
    - target: {fileID: 7222900606728317253, guid: b30cdff96dab5444fb0d6c719fafeee3,
        type: 3}
      propertyPath: m_LocalRotation.w
      value: 1
      objectReference: {fileID: 0}
    - target: {fileID: 7222900606728317253, guid: b30cdff96dab5444fb0d6c719fafeee3,
        type: 3}
      propertyPath: m_RootOrder
      value: 14
      objectReference: {fileID: 0}
    - target: {fileID: 7222900606728317253, guid: b30cdff96dab5444fb0d6c719fafeee3,
        type: 3}
      propertyPath: m_LocalEulerAnglesHint.x
      value: 0
      objectReference: {fileID: 0}
    - target: {fileID: 7222900606728317253, guid: b30cdff96dab5444fb0d6c719fafeee3,
        type: 3}
      propertyPath: m_LocalEulerAnglesHint.y
      value: 0
      objectReference: {fileID: 0}
    - target: {fileID: 7222900606728317253, guid: b30cdff96dab5444fb0d6c719fafeee3,
        type: 3}
      propertyPath: m_LocalEulerAnglesHint.z
      value: 0
      objectReference: {fileID: 0}
    m_RemovedComponents: []
  m_SourcePrefab: {fileID: 100100000, guid: b30cdff96dab5444fb0d6c719fafeee3, type: 3}
--- !u!4 &2870664429690811896 stripped
Transform:
  m_CorrespondingSourceObject: {fileID: 7222900606728317253, guid: b30cdff96dab5444fb0d6c719fafeee3,
    type: 3}
  m_PrefabInstance: {fileID: 4893798452824071357}
  m_PrefabAsset: {fileID: 0}
--- !u!1001 &5623437636436967201
PrefabInstance:
  m_ObjectHideFlags: 0
  serializedVersion: 2
  m_Modification:
    m_TransformParent: {fileID: 1505946981945449802}
    m_Modifications:
    - target: {fileID: 7222900606728317252, guid: b30cdff96dab5444fb0d6c719fafeee3,
        type: 3}
      propertyPath: m_Name
      value: Enemy (8)
      objectReference: {fileID: 0}
    - target: {fileID: 7222900606728317253, guid: b30cdff96dab5444fb0d6c719fafeee3,
        type: 3}
      propertyPath: m_LocalPosition.x
      value: 4.5
      objectReference: {fileID: 0}
    - target: {fileID: 7222900606728317253, guid: b30cdff96dab5444fb0d6c719fafeee3,
        type: 3}
      propertyPath: m_LocalPosition.y
      value: 0
      objectReference: {fileID: 0}
    - target: {fileID: 7222900606728317253, guid: b30cdff96dab5444fb0d6c719fafeee3,
        type: 3}
      propertyPath: m_LocalPosition.z
      value: 0
      objectReference: {fileID: 0}
    - target: {fileID: 7222900606728317253, guid: b30cdff96dab5444fb0d6c719fafeee3,
        type: 3}
      propertyPath: m_LocalRotation.x
      value: -0
      objectReference: {fileID: 0}
    - target: {fileID: 7222900606728317253, guid: b30cdff96dab5444fb0d6c719fafeee3,
        type: 3}
      propertyPath: m_LocalRotation.y
      value: -0
      objectReference: {fileID: 0}
    - target: {fileID: 7222900606728317253, guid: b30cdff96dab5444fb0d6c719fafeee3,
        type: 3}
      propertyPath: m_LocalRotation.z
      value: -0
      objectReference: {fileID: 0}
    - target: {fileID: 7222900606728317253, guid: b30cdff96dab5444fb0d6c719fafeee3,
        type: 3}
      propertyPath: m_LocalRotation.w
      value: 1
      objectReference: {fileID: 0}
    - target: {fileID: 7222900606728317253, guid: b30cdff96dab5444fb0d6c719fafeee3,
        type: 3}
      propertyPath: m_RootOrder
      value: 7
      objectReference: {fileID: 0}
    - target: {fileID: 7222900606728317253, guid: b30cdff96dab5444fb0d6c719fafeee3,
        type: 3}
      propertyPath: m_LocalEulerAnglesHint.x
      value: 0
      objectReference: {fileID: 0}
    - target: {fileID: 7222900606728317253, guid: b30cdff96dab5444fb0d6c719fafeee3,
        type: 3}
      propertyPath: m_LocalEulerAnglesHint.y
      value: 0
      objectReference: {fileID: 0}
    - target: {fileID: 7222900606728317253, guid: b30cdff96dab5444fb0d6c719fafeee3,
        type: 3}
      propertyPath: m_LocalEulerAnglesHint.z
      value: 0
      objectReference: {fileID: 0}
    m_RemovedComponents: []
  m_SourcePrefab: {fileID: 100100000, guid: b30cdff96dab5444fb0d6c719fafeee3, type: 3}
--- !u!4 &3041780678583490148 stripped
Transform:
  m_CorrespondingSourceObject: {fileID: 7222900606728317253, guid: b30cdff96dab5444fb0d6c719fafeee3,
    type: 3}
  m_PrefabInstance: {fileID: 5623437636436967201}
  m_PrefabAsset: {fileID: 0}
--- !u!1001 &6313877043373827637
PrefabInstance:
  m_ObjectHideFlags: 0
  serializedVersion: 2
  m_Modification:
    m_TransformParent: {fileID: 1505946981945449802}
    m_Modifications:
    - target: {fileID: 7222900606728317252, guid: b30cdff96dab5444fb0d6c719fafeee3,
        type: 3}
      propertyPath: m_Name
      value: Enemy (12)
      objectReference: {fileID: 0}
    - target: {fileID: 7222900606728317253, guid: b30cdff96dab5444fb0d6c719fafeee3,
        type: 3}
      propertyPath: m_LocalPosition.x
      value: -3
      objectReference: {fileID: 0}
    - target: {fileID: 7222900606728317253, guid: b30cdff96dab5444fb0d6c719fafeee3,
        type: 3}
      propertyPath: m_LocalPosition.y
      value: -1.5
      objectReference: {fileID: 0}
    - target: {fileID: 7222900606728317253, guid: b30cdff96dab5444fb0d6c719fafeee3,
        type: 3}
      propertyPath: m_LocalPosition.z
      value: 0
      objectReference: {fileID: 0}
    - target: {fileID: 7222900606728317253, guid: b30cdff96dab5444fb0d6c719fafeee3,
        type: 3}
      propertyPath: m_LocalRotation.x
      value: -0
      objectReference: {fileID: 0}
    - target: {fileID: 7222900606728317253, guid: b30cdff96dab5444fb0d6c719fafeee3,
        type: 3}
      propertyPath: m_LocalRotation.y
      value: -0
      objectReference: {fileID: 0}
    - target: {fileID: 7222900606728317253, guid: b30cdff96dab5444fb0d6c719fafeee3,
        type: 3}
      propertyPath: m_LocalRotation.z
      value: -0
      objectReference: {fileID: 0}
    - target: {fileID: 7222900606728317253, guid: b30cdff96dab5444fb0d6c719fafeee3,
        type: 3}
      propertyPath: m_LocalRotation.w
      value: 1
      objectReference: {fileID: 0}
    - target: {fileID: 7222900606728317253, guid: b30cdff96dab5444fb0d6c719fafeee3,
        type: 3}
      propertyPath: m_RootOrder
      value: 11
      objectReference: {fileID: 0}
    - target: {fileID: 7222900606728317253, guid: b30cdff96dab5444fb0d6c719fafeee3,
        type: 3}
      propertyPath: m_LocalEulerAnglesHint.x
      value: 0
      objectReference: {fileID: 0}
    - target: {fileID: 7222900606728317253, guid: b30cdff96dab5444fb0d6c719fafeee3,
        type: 3}
      propertyPath: m_LocalEulerAnglesHint.y
      value: 0
      objectReference: {fileID: 0}
    - target: {fileID: 7222900606728317253, guid: b30cdff96dab5444fb0d6c719fafeee3,
        type: 3}
      propertyPath: m_LocalEulerAnglesHint.z
      value: 0
      objectReference: {fileID: 0}
    m_RemovedComponents: []
  m_SourcePrefab: {fileID: 100100000, guid: b30cdff96dab5444fb0d6c719fafeee3, type: 3}
--- !u!4 &3720958878657335152 stripped
Transform:
  m_CorrespondingSourceObject: {fileID: 7222900606728317253, guid: b30cdff96dab5444fb0d6c719fafeee3,
    type: 3}
  m_PrefabInstance: {fileID: 6313877043373827637}
  m_PrefabAsset: {fileID: 0}
--- !u!1001 &6416924291196010622
PrefabInstance:
  m_ObjectHideFlags: 0
  serializedVersion: 2
  m_Modification:
    m_TransformParent: {fileID: 1505946981945449802}
    m_Modifications:
    - target: {fileID: 7222900606728317252, guid: b30cdff96dab5444fb0d6c719fafeee3,
        type: 3}
      propertyPath: m_Name
      value: Enemy (14)
      objectReference: {fileID: 0}
    - target: {fileID: 7222900606728317253, guid: b30cdff96dab5444fb0d6c719fafeee3,
        type: 3}
      propertyPath: m_LocalPosition.x
      value: 0
      objectReference: {fileID: 0}
    - target: {fileID: 7222900606728317253, guid: b30cdff96dab5444fb0d6c719fafeee3,
        type: 3}
      propertyPath: m_LocalPosition.y
      value: -1.5
      objectReference: {fileID: 0}
    - target: {fileID: 7222900606728317253, guid: b30cdff96dab5444fb0d6c719fafeee3,
        type: 3}
      propertyPath: m_LocalPosition.z
      value: 0
      objectReference: {fileID: 0}
    - target: {fileID: 7222900606728317253, guid: b30cdff96dab5444fb0d6c719fafeee3,
        type: 3}
      propertyPath: m_LocalRotation.x
      value: -0
      objectReference: {fileID: 0}
    - target: {fileID: 7222900606728317253, guid: b30cdff96dab5444fb0d6c719fafeee3,
        type: 3}
      propertyPath: m_LocalRotation.y
      value: -0
      objectReference: {fileID: 0}
    - target: {fileID: 7222900606728317253, guid: b30cdff96dab5444fb0d6c719fafeee3,
        type: 3}
      propertyPath: m_LocalRotation.z
      value: -0
      objectReference: {fileID: 0}
    - target: {fileID: 7222900606728317253, guid: b30cdff96dab5444fb0d6c719fafeee3,
        type: 3}
      propertyPath: m_LocalRotation.w
      value: 1
      objectReference: {fileID: 0}
    - target: {fileID: 7222900606728317253, guid: b30cdff96dab5444fb0d6c719fafeee3,
        type: 3}
      propertyPath: m_RootOrder
      value: 13
      objectReference: {fileID: 0}
    - target: {fileID: 7222900606728317253, guid: b30cdff96dab5444fb0d6c719fafeee3,
        type: 3}
      propertyPath: m_LocalEulerAnglesHint.x
      value: 0
      objectReference: {fileID: 0}
    - target: {fileID: 7222900606728317253, guid: b30cdff96dab5444fb0d6c719fafeee3,
        type: 3}
      propertyPath: m_LocalEulerAnglesHint.y
      value: 0
      objectReference: {fileID: 0}
    - target: {fileID: 7222900606728317253, guid: b30cdff96dab5444fb0d6c719fafeee3,
        type: 3}
      propertyPath: m_LocalEulerAnglesHint.z
      value: 0
      objectReference: {fileID: 0}
    m_RemovedComponents: []
  m_SourcePrefab: {fileID: 100100000, guid: b30cdff96dab5444fb0d6c719fafeee3, type: 3}
--- !u!4 &4409476422770288955 stripped
Transform:
  m_CorrespondingSourceObject: {fileID: 7222900606728317253, guid: b30cdff96dab5444fb0d6c719fafeee3,
    type: 3}
  m_PrefabInstance: {fileID: 6416924291196010622}
  m_PrefabAsset: {fileID: 0}
--- !u!1001 &7008808482960281789
PrefabInstance:
  m_ObjectHideFlags: 0
  serializedVersion: 2
  m_Modification:
    m_TransformParent: {fileID: 1505946981945449802}
    m_Modifications:
    - target: {fileID: 7222900606728317252, guid: b30cdff96dab5444fb0d6c719fafeee3,
        type: 3}
      propertyPath: m_Name
      value: Enemy (9)
      objectReference: {fileID: 0}
    - target: {fileID: 7222900606728317253, guid: b30cdff96dab5444fb0d6c719fafeee3,
        type: 3}
      propertyPath: m_LocalPosition.x
      value: 6
      objectReference: {fileID: 0}
    - target: {fileID: 7222900606728317253, guid: b30cdff96dab5444fb0d6c719fafeee3,
        type: 3}
      propertyPath: m_LocalPosition.y
      value: 0
      objectReference: {fileID: 0}
    - target: {fileID: 7222900606728317253, guid: b30cdff96dab5444fb0d6c719fafeee3,
        type: 3}
      propertyPath: m_LocalPosition.z
      value: 0
      objectReference: {fileID: 0}
    - target: {fileID: 7222900606728317253, guid: b30cdff96dab5444fb0d6c719fafeee3,
        type: 3}
      propertyPath: m_LocalRotation.x
      value: -0
      objectReference: {fileID: 0}
    - target: {fileID: 7222900606728317253, guid: b30cdff96dab5444fb0d6c719fafeee3,
        type: 3}
      propertyPath: m_LocalRotation.y
      value: -0
      objectReference: {fileID: 0}
    - target: {fileID: 7222900606728317253, guid: b30cdff96dab5444fb0d6c719fafeee3,
        type: 3}
      propertyPath: m_LocalRotation.z
      value: -0
      objectReference: {fileID: 0}
    - target: {fileID: 7222900606728317253, guid: b30cdff96dab5444fb0d6c719fafeee3,
        type: 3}
      propertyPath: m_LocalRotation.w
      value: 1
      objectReference: {fileID: 0}
    - target: {fileID: 7222900606728317253, guid: b30cdff96dab5444fb0d6c719fafeee3,
        type: 3}
      propertyPath: m_RootOrder
      value: 8
      objectReference: {fileID: 0}
    - target: {fileID: 7222900606728317253, guid: b30cdff96dab5444fb0d6c719fafeee3,
        type: 3}
      propertyPath: m_LocalEulerAnglesHint.x
      value: 0
      objectReference: {fileID: 0}
    - target: {fileID: 7222900606728317253, guid: b30cdff96dab5444fb0d6c719fafeee3,
        type: 3}
      propertyPath: m_LocalEulerAnglesHint.y
      value: 0
      objectReference: {fileID: 0}
    - target: {fileID: 7222900606728317253, guid: b30cdff96dab5444fb0d6c719fafeee3,
        type: 3}
      propertyPath: m_LocalEulerAnglesHint.z
      value: 0
      objectReference: {fileID: 0}
    m_RemovedComponents: []
  m_SourcePrefab: {fileID: 100100000, guid: b30cdff96dab5444fb0d6c719fafeee3, type: 3}
--- !u!4 &394258460409674232 stripped
Transform:
  m_CorrespondingSourceObject: {fileID: 7222900606728317253, guid: b30cdff96dab5444fb0d6c719fafeee3,
    type: 3}
  m_PrefabInstance: {fileID: 7008808482960281789}
  m_PrefabAsset: {fileID: 0}
--- !u!1001 &8101602349420649581
PrefabInstance:
  m_ObjectHideFlags: 0
  serializedVersion: 2
  m_Modification:
    m_TransformParent: {fileID: 1505946981945449802}
    m_Modifications:
    - target: {fileID: 7222900606728317252, guid: b30cdff96dab5444fb0d6c719fafeee3,
        type: 3}
      propertyPath: m_Name
      value: Enemy (17)
      objectReference: {fileID: 0}
    - target: {fileID: 7222900606728317253, guid: b30cdff96dab5444fb0d6c719fafeee3,
        type: 3}
      propertyPath: m_LocalPosition.x
      value: 4.5
      objectReference: {fileID: 0}
    - target: {fileID: 7222900606728317253, guid: b30cdff96dab5444fb0d6c719fafeee3,
        type: 3}
      propertyPath: m_LocalPosition.y
      value: -1.5
      objectReference: {fileID: 0}
    - target: {fileID: 7222900606728317253, guid: b30cdff96dab5444fb0d6c719fafeee3,
        type: 3}
      propertyPath: m_LocalPosition.z
      value: 0
      objectReference: {fileID: 0}
    - target: {fileID: 7222900606728317253, guid: b30cdff96dab5444fb0d6c719fafeee3,
        type: 3}
      propertyPath: m_LocalRotation.x
      value: -0
      objectReference: {fileID: 0}
    - target: {fileID: 7222900606728317253, guid: b30cdff96dab5444fb0d6c719fafeee3,
        type: 3}
      propertyPath: m_LocalRotation.y
      value: -0
      objectReference: {fileID: 0}
    - target: {fileID: 7222900606728317253, guid: b30cdff96dab5444fb0d6c719fafeee3,
        type: 3}
      propertyPath: m_LocalRotation.z
      value: -0
      objectReference: {fileID: 0}
    - target: {fileID: 7222900606728317253, guid: b30cdff96dab5444fb0d6c719fafeee3,
        type: 3}
      propertyPath: m_LocalRotation.w
      value: 1
      objectReference: {fileID: 0}
    - target: {fileID: 7222900606728317253, guid: b30cdff96dab5444fb0d6c719fafeee3,
        type: 3}
      propertyPath: m_RootOrder
      value: 16
      objectReference: {fileID: 0}
    - target: {fileID: 7222900606728317253, guid: b30cdff96dab5444fb0d6c719fafeee3,
        type: 3}
      propertyPath: m_LocalEulerAnglesHint.x
      value: 0
      objectReference: {fileID: 0}
    - target: {fileID: 7222900606728317253, guid: b30cdff96dab5444fb0d6c719fafeee3,
        type: 3}
      propertyPath: m_LocalEulerAnglesHint.y
      value: 0
      objectReference: {fileID: 0}
    - target: {fileID: 7222900606728317253, guid: b30cdff96dab5444fb0d6c719fafeee3,
        type: 3}
      propertyPath: m_LocalEulerAnglesHint.z
      value: 0
      objectReference: {fileID: 0}
    m_RemovedComponents: []
  m_SourcePrefab: {fileID: 100100000, guid: b30cdff96dab5444fb0d6c719fafeee3, type: 3}
--- !u!4 &1464313904599315752 stripped
Transform:
  m_CorrespondingSourceObject: {fileID: 7222900606728317253, guid: b30cdff96dab5444fb0d6c719fafeee3,
    type: 3}
  m_PrefabInstance: {fileID: 8101602349420649581}
  m_PrefabAsset: {fileID: 0}
--- !u!1001 &8643762734911198391
PrefabInstance:
  m_ObjectHideFlags: 0
  serializedVersion: 2
  m_Modification:
    m_TransformParent: {fileID: 1505946981945449802}
    m_Modifications:
    - target: {fileID: 7222900606728317252, guid: b30cdff96dab5444fb0d6c719fafeee3,
        type: 3}
      propertyPath: m_Name
      value: Enemy (3)
      objectReference: {fileID: 0}
    - target: {fileID: 7222900606728317253, guid: b30cdff96dab5444fb0d6c719fafeee3,
        type: 3}
      propertyPath: m_LocalPosition.x
      value: -3
      objectReference: {fileID: 0}
    - target: {fileID: 7222900606728317253, guid: b30cdff96dab5444fb0d6c719fafeee3,
        type: 3}
      propertyPath: m_LocalPosition.y
      value: 0
      objectReference: {fileID: 0}
    - target: {fileID: 7222900606728317253, guid: b30cdff96dab5444fb0d6c719fafeee3,
        type: 3}
      propertyPath: m_LocalPosition.z
      value: 0
      objectReference: {fileID: 0}
    - target: {fileID: 7222900606728317253, guid: b30cdff96dab5444fb0d6c719fafeee3,
        type: 3}
      propertyPath: m_LocalRotation.x
      value: -0
      objectReference: {fileID: 0}
    - target: {fileID: 7222900606728317253, guid: b30cdff96dab5444fb0d6c719fafeee3,
        type: 3}
      propertyPath: m_LocalRotation.y
      value: -0
      objectReference: {fileID: 0}
    - target: {fileID: 7222900606728317253, guid: b30cdff96dab5444fb0d6c719fafeee3,
        type: 3}
      propertyPath: m_LocalRotation.z
      value: -0
      objectReference: {fileID: 0}
    - target: {fileID: 7222900606728317253, guid: b30cdff96dab5444fb0d6c719fafeee3,
        type: 3}
      propertyPath: m_LocalRotation.w
      value: 1
      objectReference: {fileID: 0}
    - target: {fileID: 7222900606728317253, guid: b30cdff96dab5444fb0d6c719fafeee3,
        type: 3}
      propertyPath: m_RootOrder
      value: 2
      objectReference: {fileID: 0}
    - target: {fileID: 7222900606728317253, guid: b30cdff96dab5444fb0d6c719fafeee3,
        type: 3}
      propertyPath: m_LocalEulerAnglesHint.x
      value: 0
      objectReference: {fileID: 0}
    - target: {fileID: 7222900606728317253, guid: b30cdff96dab5444fb0d6c719fafeee3,
        type: 3}
      propertyPath: m_LocalEulerAnglesHint.y
      value: 0
      objectReference: {fileID: 0}
    - target: {fileID: 7222900606728317253, guid: b30cdff96dab5444fb0d6c719fafeee3,
        type: 3}
      propertyPath: m_LocalEulerAnglesHint.z
      value: 0
      objectReference: {fileID: 0}
    m_RemovedComponents: []
  m_SourcePrefab: {fileID: 100100000, guid: b30cdff96dab5444fb0d6c719fafeee3, type: 3}
--- !u!4 &1425448365358497266 stripped
Transform:
  m_CorrespondingSourceObject: {fileID: 7222900606728317253, guid: b30cdff96dab5444fb0d6c719fafeee3,
    type: 3}
  m_PrefabInstance: {fileID: 8643762734911198391}
  m_PrefabAsset: {fileID: 0}
--- !u!1001 &8765947024621602660
PrefabInstance:
  m_ObjectHideFlags: 0
  serializedVersion: 2
  m_Modification:
    m_TransformParent: {fileID: 1505946981945449802}
    m_Modifications:
    - target: {fileID: 7222900606728317252, guid: b30cdff96dab5444fb0d6c719fafeee3,
        type: 3}
      propertyPath: m_Name
      value: Enemy (11)
      objectReference: {fileID: 0}
    - target: {fileID: 7222900606728317253, guid: b30cdff96dab5444fb0d6c719fafeee3,
        type: 3}
      propertyPath: m_LocalPosition.x
      value: -4.5
      objectReference: {fileID: 0}
    - target: {fileID: 7222900606728317253, guid: b30cdff96dab5444fb0d6c719fafeee3,
        type: 3}
      propertyPath: m_LocalPosition.y
      value: -1.5
      objectReference: {fileID: 0}
    - target: {fileID: 7222900606728317253, guid: b30cdff96dab5444fb0d6c719fafeee3,
        type: 3}
      propertyPath: m_LocalPosition.z
      value: 0
      objectReference: {fileID: 0}
    - target: {fileID: 7222900606728317253, guid: b30cdff96dab5444fb0d6c719fafeee3,
        type: 3}
      propertyPath: m_LocalRotation.x
      value: -0
      objectReference: {fileID: 0}
    - target: {fileID: 7222900606728317253, guid: b30cdff96dab5444fb0d6c719fafeee3,
        type: 3}
      propertyPath: m_LocalRotation.y
      value: -0
      objectReference: {fileID: 0}
    - target: {fileID: 7222900606728317253, guid: b30cdff96dab5444fb0d6c719fafeee3,
        type: 3}
      propertyPath: m_LocalRotation.z
      value: -0
      objectReference: {fileID: 0}
    - target: {fileID: 7222900606728317253, guid: b30cdff96dab5444fb0d6c719fafeee3,
        type: 3}
      propertyPath: m_LocalRotation.w
      value: 1
      objectReference: {fileID: 0}
    - target: {fileID: 7222900606728317253, guid: b30cdff96dab5444fb0d6c719fafeee3,
        type: 3}
      propertyPath: m_RootOrder
      value: 10
      objectReference: {fileID: 0}
    - target: {fileID: 7222900606728317253, guid: b30cdff96dab5444fb0d6c719fafeee3,
        type: 3}
      propertyPath: m_LocalEulerAnglesHint.x
      value: 0
      objectReference: {fileID: 0}
    - target: {fileID: 7222900606728317253, guid: b30cdff96dab5444fb0d6c719fafeee3,
        type: 3}
      propertyPath: m_LocalEulerAnglesHint.y
      value: 0
      objectReference: {fileID: 0}
    - target: {fileID: 7222900606728317253, guid: b30cdff96dab5444fb0d6c719fafeee3,
        type: 3}
      propertyPath: m_LocalEulerAnglesHint.z
      value: 0
      objectReference: {fileID: 0}
    m_RemovedComponents: []
  m_SourcePrefab: {fileID: 100100000, guid: b30cdff96dab5444fb0d6c719fafeee3, type: 3}
--- !u!4 &2133021267799322145 stripped
Transform:
  m_CorrespondingSourceObject: {fileID: 7222900606728317253, guid: b30cdff96dab5444fb0d6c719fafeee3,
    type: 3}
  m_PrefabInstance: {fileID: 8765947024621602660}
  m_PrefabAsset: {fileID: 0}
